<record><leader>00000cas a22000007a 4500</leader><controlfield tag="001">14289457</controlfield><controlfield tag="008">861001u1858uuuutxuwr ne      0    0eng d</controlfield><datafield ind1=" " ind2=" " tag="010"><subfield code="a">sn 86089372 </subfield></datafield><datafield ind1=" " ind2=" " tag="040"><subfield code="a">PPM</subfield><subfield code="b">eng</subfield><subfield code="c">PPM</subfield><subfield code="d">UKMGB</subfield><subfield code="d">OCLCQ</subfield></datafield><datafield ind1="7" ind2=" " tag="016"><subfield code="a">013917153</subfield><subfield code="2">Uk</subfield></datafield><datafield ind1=" " ind2=" " tag="042"><subfield code="a">msc</subfield></datafield><datafield ind1="0" ind2=" " tag="130"><subfield code="a">Indianola courier (Indianola, Tex. : 1858)</subfield></datafield><datafield ind1="1" ind2="4" tag="245"><subfield code="a">The Indianola courier.</subfield></datafield><datafield ind1="1" ind2="3" tag="246"><subfield code="a">Indianola courier and commercial bulletin</subfield></datafield><datafield ind1="1" ind2="3" tag="246"><subfield code="a">Commercial bulletin</subfield></datafield><datafield ind1=" " ind2=" " tag="260"><subfield code="a">Indianola, Tex. :</subfield><subfield code="b">William T. Yancey</subfield></datafield><datafield ind1=" " ind2=" " tag="300"><subfield code="a">v. ;</subfield><subfield code="c">55 cm.</subfield></datafield><datafield ind1=" " ind2=" " tag="310"><subfield code="a">Weekly</subfield></datafield><datafield ind1="1" ind2=" " tag="362"><subfield code="a">Began in 1858?</subfield></datafield><datafield ind1=" " ind2=" " tag="588"><subfield code="a">Description based on: Vol. 2, no. 3 (May 21, 1859).</subfield></datafield><datafield ind1=" " ind2=" " tag="752"><subfield code="a">United States</subfield><subfield code="b">Texas</subfield><subfield code="c">Calhoun</subfield><subfield code="d">Indianola.</subfield></datafield><datafield ind1="1" ind2=" " tag="029"><subfield code="a">AU@</subfield><subfield code="b">000025840010</subfield></datafield></record>